@article{li2021kg4vis,
    title={KG4Vis: A Knowledge Graph-Based Approach for Visualization Recommendation},
    author={Haotian Li and Yong Wang and Songheng Zhang and Yangqiu Song and Huamin Qu},
    journal={IEEE Transactions on Visualization and Computer Graphics},
    year={2021},
    volume={28},
    number={1},
    pages={195--209},
    doi={10.1109/TVCG.2021.3114863}
}

@inproceedings{hu2019vizml,
    title={VizML: A Machine Learning Approach to Visualization Recommendation},
    author={Kevin Hu and Michiel A. Bakker and Stephen Li and Tim Kraska and CÃ©sar Hidalgo},
    booktitle={CHI Conference on Human Factors in Computing Systems Proceedings (CHI 2019)},
    year={2019},
    pages={1--12},
    publisher={ACM},
    address={Glasgow, Scotland UK},
    doi={10.1145/3290605.3300358}
}